@techreport{RAVEN,
	Author = {C. Rabiti and A. Alfonsi and J. Cogliati and D. Mandelli and R. Kinoshita and S. Sen and C. Wang and J. Chen},
	institution = {Idaho National Laboratory (INL)},
	Publisher = {Idaho National laboratory (INL)},
	Number = {INL/EXT-15-34123},
	Source = {https://raven.inl.gov},
	Title = {RAVEN user manual},
	Year = {March 2017}
	}
@techreport{RAVENtheoryMan,
	Author = {A. Alfonsi and C. Rabiti and D. Mandelli and J. Cogliati and C. Wang and P. W. Talbot and D. P. Maljovec and C. Smith},
	title = {RAVEN Theory Manual and User Guide},
	institution = {Idaho National Laboratory (INL)},
	booktitle = {INL/EXT-16-38178},
	year = {2017}
	}
@article{rowell2002state,
	title={State-space representation of LTI systems},
	author={Rowell, Derek},
	journal={URL: http://web. mit. edu/2.14/www/Handouts/StateSpace. pdf},
	year={2002}
	}
@inproceedings{kolmanovsky2014reference,
	title={Reference and command governors: A tutorial on their theory and automotive applications},
	author={Kolmanovsky, Ilya and Garone, Emanuele and Di Cairano, Stefano},
	booktitle={2014 American Control Conference},
	pages={226--241},
	year={2014},
	organization={IEEE}
	}
@article{garone2017reference,
	title={Reference and command governors for systems with constraints: A survey on theory and applications},
	author={Garone, Emanuele and Di Cairano, Stefano and Kolmanovsky, Ilya},
	journal={Automatica},
	volume={75},
	pages={306--328},
	year={2017},
	publisher={Elsevier}
	}
@article{proctor2016dynamic,
	title={Dynamic mode decomposition with control},
	author={Proctor, Joshua L and Brunton, Steven L and Kutz, J Nathan},
	journal={SIAM Journal on Applied Dynamical Systems},
	volume={15},
	number={1},
	pages={142--161},
	year={2016},
	publisher={SIAM}
	}
@techreport{wang2020DMDc,
	Author = {H. Wang and R. Ponciroli and A. Alfonsi and R. Vilim},
	institution = {Argonne National laboratory (ANL)},
	Publisher = {Argonne National laboratory (ANL)},
	Number = {ANL/NSE-20/35},
	Title = {Development of Control System Functional Capabilities within the IES Plug-and-Play Simulation Environment},
	Year = {September 2020}
	}

